<?xml version="1.0" encoding="UTF-8"?><collection xmlns="http://www.loc.gov/MARC21/slim"><record><leader>00557nam--2200181-i-4500</leader><controlfield tag="001">000008148</controlfield><controlfield tag="002">20161230</controlfield><controlfield tag="005">20161230201027</controlfield><controlfield tag="008">060222s1000------------r-----000-0-eng-d</controlfield><datafield ind1=" " ind2=" " tag="040"><subfield code="a">IFIN-HH</subfield></datafield><datafield ind1=" " ind2=" " tag="080"><subfield code="a">539.1.074.8</subfield></datafield><datafield ind1="1" ind2=" " tag="100"><subfield code="a">Burkhalter, Philip G</subfield></datafield><datafield ind1="1" ind2="0" tag="245"><subfield code="a">Comparison of detectors for isotopic x-ray analyzers</subfield><subfield code="c">Philip g. burkhalter, william j. cambell</subfield></datafield><datafield ind1=" " ind2=" " tag="260"><subfield code="a">College Park, Maryland</subfield><subfield code="b">U.S.Bureau Of Mines</subfield><subfield code="c">/1967</subfield></datafield><datafield ind1=" " ind2=" " tag="300"><subfield code="a">/PAG.DIF.</subfield></datafield><datafield ind1="1" ind2=" " tag="700"><subfield code="a">Campbell, William J</subfield></datafield><datafield ind1=" " ind2=" " tag="852"><subfield code="a">27391</subfield><subfield code="c">539.1.07:539.1.08</subfield></datafield><datafield ind1=" " ind2=" " tag="CAT"><subfield code="a">Sys</subfield><subfield code="c">20111019</subfield><subfield code="h">152720</subfield></datafield></record></collection>